@article{parboil-benchmark-suite,
  title={Parboil: A revised benchmark suite for scientific and commercial throughput computing},
  author={Stratton, John A and others},
  journal={Center for Reliable and High-Performance Computing},
  year={2012}
}

@inproceedings{rodinia-benchmark-suite,
  title={Rodinia: A benchmark suite for heterogeneous computing},
  author={Che, Shuai and others},
  booktitle={Workload Characterization, 2009. IISWC 2009. IEEE International Symposium on},
  pages={44--54},
  year={2009},
  organization={IEEE}
}

@inproceedings{gpgpu-sim,
  title={Analyzing CUDA workloads using a detailed GPU simulator},
  author={Bakhoda, Ali and others},
  booktitle={Performance Analysis of Systems and Software, 2009. ISPASS 2009. IEEE International Symposium on},
  pages={163--174},
  year={2009},
  organization={IEEE}
}

@inproceedings{sesc-simulator,
  title={SESC: SuperESCalar simulator},
  author={Ortego, Pablo Montesinos and Sack, Paul},
  booktitle={17 th Euro micro conference on real time systems (ECRTS\u201905)},
  pages={1--4},
  year={2004}
}

@inproceedings{dynamic-warps,
  title={Dynamic warp formation and scheduling for efficient GPU control flow},
  author={Fung, Wilson WL and others},
  booktitle={Proceedings of the 40th Annual IEEE/ACM International Symposium on Microarchitecture},
  pages={407--420},
  year={2007},
  organization={IEEE Computer Society}
}

@inproceedings{warp-scheduling,
  title={Improving GPU performance via large warps and two-level warp scheduling},
  author={Narasiman, Veynu and others},
  booktitle={Proceedings of the 44th Annual IEEE/ACM International Symposium on Microarchitecture},
  pages={308--317},
  year={2011},
  organization={ACM}
}
